@Standard{Parlament2020,
  title  = {Was ist künstliche Intelligenz und wie wird sie genutzt?},
  author = {Europäisches Parlament},
  month  = sep,
  url    = {https://www.europarl.europa.eu/topics/de/article/20200827STO85804/was-ist-kunstliche-intelligenz-und-wie-wird-sie-genutzt},
  year   = {2020},
}

@Standard{Bundesregierung2023Desinformation,
  title  = {Was ist Desinformation?},
  author = {Bundesregierung},
  month  = sep,
  url    = {https://www.bundesregierung.de/breg-de/aktuelles/was-ist-desinformation-1875148},
  year   = {2023},
}

@Standard{FakeNewslpb,
  author = {Internetredaktion LpB BW},
  month  = jun,
  url    = {https://www.lpb-bw.de/fake-news#c92309},
  year   = {2024},
}

@Comment{jabref-meta: databaseType:bibtex;}
